@book{beck2008computing,
  title={Computing the Continuous Discretely: Integer-point Enumeration in Polyhedra},
  author={Beck, M. and Robins, S.},
  isbn={9780387509853},
  lccn={89005868},
  series={Springer-Lehrbuch},
  year={2008},
  publisher={Springer New York}
}

@misc{braun2018brief,
      title={A Brief Survey on Lattice Zonotopes}, 
      author={Benjamin Braun and Andrés R. Vindas-Meléndez},
      year={2018},
      eprint={1808.04933},
      archivePrefix={arXiv},
      primaryClass={math.CO}
}

@misc{Postnikov-PAB,
      title={Permutohedra, associahedra, and beyond}, 
      author={Alexander Postnikov},
      year={2005},
      eprint={0507163},
      archivePrefix={arXiv},
      primaryClass={math.CO}
}

@article{Aguiar2017HopfPermutahedra,
    title = {{Hopf monoids and generalized permutahedra}},
    year = {2017},
    author = {Aguiar, Marcelo and Ardila, Federico},
    month = {9},
    url = {http://arxiv.org/abs/1709.07504},
    arxivId = {1709.07504}
}

@article{Ber-Kush,
    title = {The number of roots of a system of equations},
    year = {1975},
    author = {D. N. Bernstein },
    journal = {Functional Analysis and Its Applications},
    pages = {183–185},
    volume = {9}
}

@misc{presentation,
  Author = {De Loera, Jesús A.},
  Institution = {UC Davis},
  Howpublished = {University Lecture},
  Year = {2015},
  Title = {Volumes and Integrals over Polytopes}
}